@article{Shi:2000:NCI:351581.351611,
 author = {Shi, Jianbo and Malik, Jitendra},
 title = {Normalized Cuts and Image Segmentation},
 journal = {IEEE Trans. Pattern Anal. Mach. Intell.},
 issue_date = {August 2000},
 volume = {22},
 number = {8},
 month = aug,
 year = {2000},
 issn = {0162-8828},
 pages = {888--905},
 numpages = {18},
 url = {http://dx.doi.org/10.1109/34.868688},
 doi = {10.1109/34.868688},
 acmid = {351611},
 publisher = {IEEE Computer Society},
 address = {Washington, DC, USA},
 keywords = {Grouping, image segmentation, graph partitioning.},
} 

@book{Vazirani:2001:AA:500776,
 author = {Vazirani, Vijay V.},
 title = {Approximation algorithms},
 year = {2001},
 isbn = {3-540-65367-8},
 publisher = {Springer-Verlag New York, Inc.},
 address = {New York, NY, USA},
} 
@book{Lawler:combopt,
      Author="Eugene Lawler",
      Title="Combinatorial Optimization: Networks and Matroids",
      Year=1976,
      address="Fort Worth",
      Publisher="Saunders College Publishing",
}

@INPROCEEDINGS{Shi00learningsegmentation,
    author = {Jianbo Shi},
    title = {Learning segmentation by random walks},
    booktitle = {In Advances in Neural Information Processing},
    year = {2000},
    pages = {470--477},
    publisher = {MIT Press}
}



@inproceedings{Fu:2009:DMM:1553374.1553416,
 author = {Fu, Wenjie and Song, Le and Xing, Eric P.},
 title = {Dynamic mixed membership blockmodel for evolving networks},
 booktitle = {Proceedings of the 26th Annual International Conference on Machine Learning},
 series = {ICML '09},
 year = {2009},
 isbn = {978-1-60558-516-1},
 location = {Montreal, Quebec, Canada},
 pages = {329--336},
 numpages = {8},
 url = {http://doi.acm.org/10.1145/1553374.1553416},
 doi = {10.1145/1553374.1553416},
 acmid = {1553416},
 publisher = {ACM},
 address = {New York, NY, USA},
}

@inproceedings{Shu:2011:ESN:2004686.2005621,
 author = {Shu, Liangcai and Chen, Aiyou and Xiong, Ming and Meng, Weiyi},
 title = {Efficient SPectrAl Neighborhood blocking for entity resolution},
 booktitle = {Proceedings of the 2011 IEEE 27th International Conference on Data Engineering},
 series = {ICDE '11},
 year = {2011},
 isbn = {978-1-4244-8959-6},
 pages = {1067--1078},
 numpages = {12},
 url = {http://dx.doi.org/10.1109/ICDE.2011.5767835},
 doi = {10.1109/ICDE.2011.5767835},
 acmid = {2005621},
 publisher = {IEEE Computer Society},
 address = {Washington, DC, USA},
} 


@article{Dhillon:2007:WGC:1313055.1313291,
 author = {Dhillon, Inderjit S. and Guan, Yuqiang and Kulis, Brian},
 title = {Weighted Graph Cuts without Eigenvectors A Multilevel Approach},
 journal = {IEEE Trans. Pattern Anal. Mach. Intell.},
 issue_date = {November 2007},
 volume = {29},
 number = {11},
 month = nov,
 year = {2007},
 issn = {0162-8828},
 pages = {1944--1957},
 numpages = {14},
 url = {http://dx.doi.org/10.1109/TPAMI.2007.1115},
 doi = {10.1109/TPAMI.2007.1115},
 acmid = {1313291},
 publisher = {IEEE Computer Society},
 address = {Washington, DC, USA},
 keywords = {Clustering, Clustering, Data Mining, Segmentation, Kernel, k-means, k-means, Spectral Clustering, Graph Partitioning, Data Mining, Graph Partitioning, Kernel, Segmentation, Spectral Clustering, k-means},
}


@InProceedings{HoSonXin11, 
  author = {Q. Ho and L. Song and E. Xing},
  title = {Evolving Cluster Mixed-Membership Blockmodel for Time-Evolving Networks}, 
  booktitle = {International Conference on Artifical Intelligence and Statistics (AISTATS)}, 
  year = {2011}, 
  pdf = {papers/HoSonXin11}
  }
  
  @InProceedings{ 1977:dem,
	abstract = "N/A",
	author = "Arthur P. Dempster and Nan M. Laird and Donald B. Rdin",
	booktitle = "JOURNAL OF THE ROYAL STATISTICAL SOCIETY, SERIES B",
	citeulike-article-id = "3989919",
	citeulike-linkout-0 = "http://citeseerx.ist.psu.edu/viewdoc/summary?doi=10.1.1.133.4884",
	journal = "JOURNAL OF THE ROYAL STATISTICAL SOCIETY, SERIES B",
	keywords = "machine-learning",
	number = "1",
	pages = "1--38",
	posted-at = "2009-02-01 04:55:22",
	priority = "0",
	title = "{M}aximum {L}ikelihood from {I}ncomplete {D}ata via the {EM} {A}lgorithm",
	url = "http://citeseerx.ist.psu.edu/viewdoc/summary?doi=10.1.1.133.4884",
	volume = "39",
	year = "1977"
}

@incollection{gb08,
  author    = {M. Grant and S. Boyd},
  title     = {Graph implementations for nonsmooth convex programs},
  booktitle = {Recent Advances in Learning and Control},
  series    = {Lecture Notes in Control and Information Sciences},
  editor    = {V. Blondel and S. Boyd and H. Kimura},
  publisher = {Springer-Verlag Limited},
  pages     = {95--110},
  year      = 2008,
  note      = {\url{http://stanford.edu/~boyd/graph_dcp.html}}
}

@Book{ keith,
title = { Social emergence : societies as complex systems / R. Keith Sawyer },
author = { Sawyer, R. Keith (Robert Keith) },
publisher = { Cambridge ; New York : Cambridge University Press },
year = { 2005 },
type = { Book },
isbn = { 0521844649 (hardback : alk. paper) },
subjects = { Social evolution; Social systems; Sociology; Communication -- Social aspects },
language = { English },
note = { Formerly CIP }
}

@article{Candes:2012:EMC,
 author = {Cand\`{e}s, Emmanuel and Recht, Benjamin},
 title = {Exact matrix completion via convex optimization},
 journal = {Commun. ACM},
 issue_date = {June 2012},
 volume = {55},
 number = {6},
 month = jun,
 year = {2012},
 issn = {0001-0782},
 pages = {111--119},
 numpages = {9},
 url = {http://doi.acm.org/10.1145/2184319.2184343},
 doi = {10.1145/2184319.2184343},
 acmid = {2184343},
 publisher = {ACM},
 address = {New York, NY, USA},
} 


@INPROCEEDINGS{Lee00algorithmsfor,
    author = {Daniel D. Lee and H. Sebastian Seung},
    title = {Algorithms for Non-negative Matrix Factorization},
    booktitle = {In NIPS},
    year = {2000},
    pages = {556--562},
    publisher = {MIT Press}
}

@incollection{bottou-mlss-2004,
  author = {Bottou, L\'{e}on},
  title = {Stochastic Learning},
  booktitle = {Advanced Lectures on Machine Learning},
  pages = {146-168},
  publisher = {Springer Verlag},
  year = {2004},
  editor = {Bousquet, Olivier and von Luxburg, Ulrike},
  series = {Lecture Notes in Artificial Intelligence, LNAI~3176},
  address = {Berlin},
  url = {http://leon.bottou.org/papers/bottou-mlss-2004},
}


@TECHREPORT{Lin07projectedgradient,
    author = {Chih-jen Lin},
    title = {Projected gradient methods for non-negative matrix factorization},
    institution = {Neural Computation},
    year = {2007}
}

@inproceedings{lxiong:10:bptf,
    Year = {2010},
    Booktitle = {Proceedings of SIAM Data Mining},
    Author = { Liang Xiong and Xi Chen and Tzu-Kuo Huang and Jeff Schneider and Jaime G. Carbonell },
    Title = {Temporal Collaborative Filtering with Bayesian Probabilistic Tensor Factorization}
}

@inproceedings{Singh:2008:RLV:1401890.1401969,
 author = {Singh, Ajit P. and Gordon, Geoffrey J.},
 title = {Relational learning via collective matrix factorization},
 booktitle = {Proceedings of the 14th ACM SIGKDD international conference on Knowledge discovery and data mining},
 series = {KDD '08},
 year = {2008},
 isbn = {978-1-60558-193-4},
 location = {Las Vegas, Nevada, USA},
 pages = {650--658},
 numpages = {9},
 url = {http://doi.acm.org/10.1145/1401890.1401969},
 doi = {10.1145/1401890.1401969},
 acmid = {1401969},
 publisher = {ACM},
 address = {New York, NY, USA},
 keywords = {matrix factorization, relational learning, stochastic approximation},
}

@ARTICLE{2011arXiv1105.3422A,
   author = {{Acar}, E. and {Kolda}, T.~G. and {Dunlavy}, D.~M.},
    title = "{All-at-once Optimization for Coupled Matrix and Tensor Factorizations}",
  journal = {ArXiv e-prints},
archivePrefix = "arXiv",
   eprint = {1105.3422},
 primaryClass = "math.NA",
 keywords = {Mathematics - Numerical Analysis, Computer Science - Numerical Analysis, Physics - Data Analysis, Statistics and Probability, Statistics - Machine Learning},
     year = 2011,
    month = may,
   adsurl = {http://adsabs.harvard.edu/abs/2011arXiv1105.3422A},
  adsnote = {Provided by the SAO/NASA Astrophysics Data System}
}

@ARTICLE{2012ISPL...19..231Z,
   author = {{Zachariah}, D. and {Sundin}, M. and {Jansson}, M. and {Chatterjee}, S.
	},
    title = "{Alternating Least-Squares for Low-Rank Matrix Reconstruction}",
  journal = {IEEE Signal Processing Letters},
archivePrefix = "arXiv",
   eprint = {1206.2493},
 primaryClass = "math.ST",
     year = 2012,
    month = apr,
   volume = 19,
    pages = {231-234},
      doi = {10.1109/LSP.2012.2188026},
   adsurl = {http://adsabs.harvard.edu/abs/2012ISPL...19..231Z},
  adsnote = {Provided by the SAO/NASA Astrophysics Data System}
}


@inproceedings{Gemulla:2011:LMF:2020408.2020426,
 author = {Gemulla, Rainer and Nijkamp, Erik and Haas, Peter J. and Sismanis, Yannis},
 title = {Large-scale matrix factorization with distributed stochastic gradient descent},
 booktitle = {Proceedings of the 17th ACM SIGKDD international conference on Knowledge discovery and data mining},
 series = {KDD '11},
 year = {2011},
 isbn = {978-1-4503-0813-7},
 location = {San Diego, California, USA},
 pages = {69--77},
 numpages = {9},
 url = {http://doi.acm.org/10.1145/2020408.2020426},
 doi = {10.1145/2020408.2020426},
 acmid = {2020426},
 publisher = {ACM},
 address = {New York, NY, USA},
 keywords = {distributed matrix factorization, mapreduce, recommendation system, stochastic gradient descent},
} 


@article{Bell:Korr,
 author = {Bell, Robert M. and Bennett, Jim and Koren, Yehuda and Volinsky, Chris},
 title = {The million dollar programming prize},
 journal = {IEEE Spectr.},
 issue_date = {May 2009},
 volume = {46},
 number = {5},
 month = may,
 year = {2009},
 issn = {0018-9235},
 pages = {28--33},
 numpages = {6},
 url = {http://dx.doi.org/10.1109/MSPEC.2009.4907383},
 doi = {10.1109/MSPEC.2009.4907383},
 acmid = {1669716},
 publisher = {IEEE Press},
 address = {Piscataway, NJ, USA},
}


@article{toh2009accelerated,
    author = {Toh, K. C. and Yun, S.},
    citeulike-article-id = {6604661},
    journal = {Preprint, Department of Mathematics, National University of Singapore},
    keywords = {file-import-10-01-29},
    posted-at = {2010-01-29 17:21:47},
    priority = {2},
    title = {{An accelerated proximal gradient algorithm for nuclear norm regularized least squares problems}},
    year = {2009}
}

@article{Recht:2011wv,
    author = {Recht, Benjamin and R{\'{e}}, Christopher},
    citeulike-article-id = {9502226},
    citeulike-linkout-0 = {http://pages.cs.wisc.edu/\~{}brecht/papers/11.Rec.Re.IPGM.pdf},
    journal = {submitted},
    posted-at = {2011-07-04 10:29:27},
    priority = {2},
    title = {{Parallel Stochastic Gradient Algorithms for Large-Scale Matrix Completion}},
    url = {http://pages.cs.wisc.edu/\~{}brecht/papers/11.Rec.Re.IPGM.pdf},
    year = {2011}
}


@inproceedings{schmidt09ica,
   title = "Bayesian non-negative matrix factorization",
   author = "Mikkel N. Schmidt and Ole Winther and Lars Kai Hansen",
   booktitle = "Independent Component Analysis and Signal Separation, International Conference on",
   pages = "540--547",
   publisher = "Springer",
   series = "Lecture Notes in Computer Science (LNCS)",
   volume = "5441",
   year = "2009"
}


@inproceedings{AcarDKM10,
  added-at = {2010-06-25T21:26:53.000+0200},
  author = {Acar, Evrim and Dunlavy, Daniel M. and Kolda, Tamara G. and M{\o}rup, Morten},
  booktitle = {SDM},
  ee = {http://www.siam.org/proceedings/datamining/2010/dm10_061_acare.pdf},
  interhash = {ad44bf7e7a3ac94dd8b6f8af745e6fea},
  intrahash = {612ffbd831dca932addcb0bfd4dba95b},
  keywords = {tensor},
  pages = {701-712},
  timestamp = {2010-06-25T21:26:53.000+0200},
  title = {Scalable Tensor Factorizations with Missing Data},
  year = 2010
}

@inproceedings{RTM,
  author    = {Leman Akoglu and
               Mary McGlohon and
               Christos Faloutsos},
  title     = {RTM: Laws and a Recursive Generator for Weighted Time-Evolving
               Graphs},
  booktitle = {ICDM},
  year      = {2008},
  pages     = {701-706},
  ee        = {http://doi.ieeecomputersociety.org/10.1109/ICDM.2008.123},
  bibsource = {DBLP, http://dblp.uni-trier.de}
}



@inproceedings{gemulla:icdm12,
  author    = {	C. Teflioudi and F. Makari and R. Gemulla},
  title     = {Distributed Matrix Completion},
  booktitle = {ICDM},
  year      = {2012},
}
@inproceedings{Low+al:uai10graphlab,
title = {GraphLab: A New Parallel Framework for Machine Learning},
author = {Yucheng Low and Joseph Gonzalez and Aapo Kyrola and Danny Bickson and Carlos Guestrin and Joseph M. Hellerstein},
booktitle = {Conference on Uncertainty in Artificial Intelligence (UAI)},
month = {July},
year = {2010},
address = {Catalina Island, California},
wwwfilebase = {uai2010-low-gonzalez-kyrola-bickson-guestrin-hellerstein},
wwwtopic = {Parallel Learning},
}


@inproceedings{kang2012gigatensor,
  title={GigaTensor: scaling tensor analysis up by 100 times-algorithms and discoveries},
  author={Kang, U. and Papalexakis, E. and Harpale, A. and Faloutsos, C.},
  booktitle={Proceedings of the 18th ACM SIGKDD international conference on Knowledge discovery and data mining},
  pages={316--324},
  year={2012},
  organization={ACM}
}


@BOOK {pASM87a,
        AUTHOR="S. Asmussen",
        TITLE={Applied Probability and Queues},
        PUBLISHER={Wiley},
        YEAR={1987}  }`

@article{mitchell2008predicting,
  title={Predicting human brain activity associated with the meanings of nouns},
  author={Mitchell, T.M. and Shinkareva, S.V. and Carlson, A. and Chang, K.M. and Malave, V.L. and Mason, R.A. and Just, M.A.},
  journal={science},
  volume={320},
  number={5880},
  pages={1191--1195},
  year={2008},
  publisher={American Association for the Advancement of Science}
}

@inproceedings{zheng2010collaborative,
  title={Collaborative filtering meets mobile recommendation: A user-centered approach},
  author={Zheng, V.W. and Cao, B. and Zheng, Y. and Xie, X. and Yang, Q.},
  booktitle={Proceedings of the 24rd AAAI Conference on Artificial Intelligence},
  year={2010}
}

@Article{	  Dean04MapReduce,
  author	= {Jeffrey Dean and Sanjay Ghemawat},
  title		= {MapReduce: Simplified Data Processing on Large Clusters},
  journal	= {OSDI'04},
  address	= {San Francisco, CA},
  month		= dec,
  year		= {2004}
}
@misc{hadoop,
	title = {Apache {H}adoop},
	year = {2012},
	howpublished = {\url{http://hadoop.apache.org/}}
}

@article{Blei:2003:LDA,
 author = {Blei, David M. and Ng, Andrew Y. and Jordan, Michael I.},
 title = {Latent dirichlet allocation},
 journal = {J. Mach. Learn. Res.},
 issue_date = {3/1/2003},
 volume = {3},
 month = mar,
 year = {2003},
 issn = {1532-4435},
 pages = {993--1022},
 numpages = {30},
 url = {http://dl.acm.org/citation.cfm?id=944919.944937},
 acmid = {944937},
 publisher = {JMLR.org},
} 

@article{Airoldi:2008:MMS,
 author = {Airoldi, Edoardo M. and Blei, David M. and Fienberg, Stephen E. and Xing, Eric P.},
 title = {Mixed Membership Stochastic Blockmodels},
 journal = {J. Mach. Learn. Res.},
 issue_date = {6/1/2008},
 volume = {9},
 month = jun,
 year = {2008},
 issn = {1532-4435},
 pages = {1981--2014},
 numpages = {34},
 url = {http://dl.acm.org/citation.cfm?id=1390681.1442798},
 acmid = {1442798},
 publisher = {JMLR.org},
} 

@incollection{Friedman:1975,
year={1975},
isbn={978-3-642-11077-1},
booktitle={Stochastic Differential Equations},
volume={77},
series={C.I.M.E. Summer Schools},
editor={Cecconi, Jaures},
doi={10.1007/978-3-642-11079-5_2},
title={Stochastic Differential Equations and Applications},
url={http://dx.doi.org/10.1007/978-3-642-11079-5_2},
publisher={Springer Berlin Heidelberg},
author={Friedman, Avner},
pages={75-148},
language={English}
}

@inproceedings{Murata98astatistical,
    author = {Noboru Murata},
    title = {A Statistical Study on On-line Learning},
    booktitle={Online Learning and Neural Networks},
    publisher={Cambridge University Press},
    year = {1998}
}


@article{Kreutz-Delgado:2003:DLA,
 author = {Kreutz-Delgado, Kenneth and Murray, Joseph F. and Rao, Bhaskar D. and Engan, Kjersti and Lee, Te-Won and Sejnowski, Terrence J.},
 title = {Dictionary learning algorithms for sparse representation},
 journal = {Neural Comput.},
 issue_date = {February 2003},
 volume = {15},
 number = {2},
 month = feb,
 year = {2003},
 issn = {0899-7667},
 pages = {349--396},
 numpages = {48},
 url = {http://dx.doi.org/10.1162/089976603762552951},
 doi = {10.1162/089976603762552951},
 acmid = {643340},
 publisher = {MIT Press},
 address = {Cambridge, MA, USA},
} 

@book{Kushner:yin,
    author = {Kushner, H. and Yin, G.},
    doi = {10.1007/b97441},
    keywords = {stochastic-approximation},
    posted-at = {2008-04-02 00:36:32},
    priority = {2},
    publisher = {Springer},
    title = {{Stochastic Approximation and Recursive Algorithms and Applications}},
    year = {2003}
}




@inproceedings{dean2012large,
  title={Large Scale Distributed Deep Networks},
  author={Dean, J and Corrado, G and Monga, R and Chen, K and Devin, M and Le, Q and Mao, M and Ranzato, M and Senior, A and Tucker, P and Yang, K and Ng, A},
  booktitle={Advances in Neural Information Processing Systems 25},
  year={2012}
}

@article{dean2008mapreduce,
  title={MapReduce: simplified data processing on large clusters},
  author={Dean, Jeffrey and Ghemawat, Sanjay},
  journal={Communications of the ACM},
  volume={51},
  number={1},
  pages={107--113},
  year={2008},
  publisher={ACM}
}

@inproceedings{langford2009slow,
  title={Slow learners are fast},
  author={Langford, John and Smola, Alex J and Zinkevich, Martin},
  booktitle={Advances in Neural Information Processing Systems},
  pages={2331--2339},
  year={2009}
}

@inproceedings{agarwal2012distributed,
  title={Distributed delayed stochastic optimization},
  author={Agarwal, Alekh and Duchi, John C},
  booktitle={Decision and Control (CDC), 2012 IEEE 51st Annual Conference on},
  pages={5451--5452},
  year={2012},
  organization={IEEE}
}

@inproceedings{cipar2013solving,
  title={Solving the straggler problem with bounded staleness},
  author={Cipar, James and Ho, Qirong and Kim, Jin Kyu and Lee, Seunghak and Ganger, Gregory R and Gibson, Garth and Keeton, Kimberly and Xing, Eric},
  booktitle = {To appear in HotOS 14},
  year = {2013}
}

@inproceedings{Bradley+al:icml11parlasso,
title = {Parallel Coordinate Descent for L1-Regularized Loss Minimization},
author = {Joseph K. Bradley and Aapo Kyrola and Danny Bickson and Carlos Guestrin},
booktitle = {International Conference on Machine Learning (ICML 2011)},
month = {June},
year = {2011},
address = {Bellevue, Washington},
wwwfilebase = {icml2011-bradley-kyrola-bickson-guestrin},
wwwtopic = {Parallel Learning}
}

@inproceedings{power2010piccolo,
  title={Piccolo: building fast, distributed programs with partitioned tables},
  author={Power, Russell and Li, Jinyang},
  booktitle={Proceedings of the 9th USENIX conference on Operating systems design and implementation},
  pages={1--14},
  year={2010},
  organization={USENIX Association}
}

@misc{hadoop2009hadoop,
  title={Hadoop},
  author={Hadoop, Apache},
  journal={2011-02-15). http://hadoop. apache. org},
  year={2009}
}

@inproceedings{ahmed2012scalable,
 author = {Ahmed, Amr and Aly, Moahmed and Gonzalez, Joseph and Narayanamurthy, Shravan and Smola, Alexander J.},
 title = {Scalable inference in latent variable models},
 booktitle = {WSDM},
 year = {2012},
 pages = {123--132},
 numpages = {10},
 keywords = {graphical models, inference, large-scale systems, latent models},
} 

@article{zinkevich2010parallelized,
  title={Parallelized stochastic gradient descent},
  author={Zinkevich, Martin and Weimer, Markus and Smola, Alex and Li, Lihong},
  journal={Advances in Neural Information Processing Systems},
  volume={23},
  number={23},
  pages={1--9},
  year={2010}
}

@article{hoffman2012stochastic,
  title={Stochastic variational inference},
  author={Hoffman, Matt and Blei, David M and Wang, Chong and Paisley, John},
  journal={arXiv preprint arXiv:1206.7051},
  year={2012}
}

@article{low2012distributed,
author = {Yucheng Low and Joseph Gonzalez and Aapo Kyrola and Danny Bickson and Carlos Guestrin and Joseph M. Hellerstein},
title = {{Distributed GraphLab: A Framework for Machine Learning and Data Mining in the Cloud}},
journal = {PVLDB},
year = {2012}
}

@inproceedings{niu2011hogwild,
  title={Hogwild!: A lock-free approach to parallelizing stochastic gradient descent},
  author={Niu, Feng and Recht, Benjamin and R{\'e}, Christopher and Wright, Stephen J},
  booktitle={NIPS},
  year={2011}
}

@article{blei2009topic,
  title={Topic models},
  author={Blei, David M and Lafferty, J},
  journal={Text mining: classification, clustering, and applications},
  volume={10},
  pages={71},
  year={2009},
  publisher={Taylor \& Francis, London, England}
}

@article{anandkumar2012two,
  title={Two svds suffice: Spectral decompositions for probabilistic topic modeling and latent dirichlet allocation},
  author={Anandkumar, Animashree and Foster, Dean P and Hsu, Daniel and Kakade, Sham M and Liu, Yi-Kai},
  journal={arXiv preprint arXiv:1204.6703},
  year={2012}
}
